@incollection{alexnet,
title = {ImageNet Classification with Deep Convolutional Neural Networks},
author = {Alex Krizhevsky and Sutskever, Ilya and Hinton, Geoffrey E},
booktitle = {Advances in Neural Information Processing Systems 25},
editor = {F. Pereira and C. J. C. Burges and L. Bottou and K. Q. Weinberger},
pages = {1097--1105},
year = {2012},
publisher = {Curran Associates, Inc.},
url = {http://papers.nips.cc/paper/4824-imagenet-classification-with-deep-convolutional-neural-networks.pdf}
}

@inproceedings {focus,
author = {Kevin Hsieh and Ganesh Ananthanarayanan and Peter Bodik and Shivaram Venkataraman and Paramvir Bahl and Matthai Philipose and Phillip B. Gibbons and Onur Mutlu},
title = {Focus: Querying Large Video Datasets with Low Latency and Low Cost},
booktitle = {13th {USENIX} Symposium on Operating Systems Design and Implementation ({OSDI} 18)},
year = {2018},
isbn = {978-1-931971-47-8},
address = {Carlsbad, CA},
pages = {269--286},
url = {https://www.usenix.org/conference/osdi18/presentation/hsieh},
publisher = {{USENIX} Association},
}